@book{test,
	author = "Test",
	title = "Test",
	year = "1987",
	publisher = "No one",
	address = "New York, NY"
}
